 @article{bahuguna2022numerical,
  title={Numerical simulation of seismic response of Slope--Foundation--Structure interaction for mid--rise RC buildings at various locations},
  author={Bahuguna, Ashish and Firoj, Mohd},
  booktitle={Structures},
  volume={44},
  pages={343--356},
  year={2022},
  organization={Elsevier}
}